<?xml version="1.0" encoding="UTF-8"?><collection xmlns="http://www.loc.gov/MARC21/slim"><record><leader>00405nam--2200133-i-4500</leader><controlfield tag="001">000044676</controlfield><controlfield tag="002">20161230</controlfield><controlfield tag="005">20161230201044</controlfield><controlfield tag="008">060222s1000------------r-----000-0-eng-d</controlfield><datafield ind1=" " ind2=" " tag="100"><subfield code="a">Tiberio, Ugo S.A</subfield></datafield><datafield ind1=" " ind2=" " tag="245"><subfield code="a">Prove di gassificazione elettrica di olii minerali</subfield></datafield><datafield ind1=" " ind2=" " tag="260"><subfield code="a">Roma, Consiglio Nazionale Delle Ricerche, 1959, 10p</subfield></datafield><datafield ind1=" " ind2=" " tag="490"><subfield code="a">Publ.Della Facolta D`Ingegneria Dell`Univ.Di Pisa</subfield></datafield><datafield ind1=" " ind2=" " tag="852"><subfield code="a">15241</subfield></datafield></record></collection>